@article{
rosca2023on,
title={On a continuous time model of gradient descent dynamics and instability in deep learning},
author={Mihaela Rosca and Yan Wu and Chongli Qin and Benoit Dherin},
journal={Transactions on Machine Learning Research},
issn={2835-8856},
year={2023},
url={https://openreview.net/forum?id=EYrRzKPinA},
note={}
}